<record><leader>00000cas a22000007a 4500</leader><controlfield tag="001">768256505</controlfield><controlfield tag="008">111213c20129999ksuwr n       0   a0eng  </controlfield><datafield ind1=" " ind2=" " tag="010"><subfield code="a">  2011202131</subfield></datafield><datafield ind1=" " ind2=" " tag="040"><subfield code="a">DLC</subfield><subfield code="b">eng</subfield><subfield code="c">DLC</subfield><subfield code="d">DLC</subfield></datafield><datafield ind1=" " ind2=" " tag="012"><subfield code="k">1</subfield><subfield code="l">1</subfield><subfield code="m">1</subfield></datafield><datafield ind1="0" ind2=" " tag="022"><subfield code="a">2165-0713</subfield><subfield code="2">1</subfield></datafield><datafield ind1=" " ind2=" " tag="032"><subfield code="a">007690</subfield><subfield code="b">USPS</subfield></datafield><datafield ind1=" " ind2=" " tag="037"><subfield code="b">14 S Main Street, Fort Scott, KS 66701</subfield></datafield><datafield ind1=" " ind2=" " tag="042"><subfield code="a">pcc</subfield><subfield code="a">nsdp</subfield></datafield><datafield ind1="1" ind2="0" tag="050"><subfield code="a">ISSN RECORD</subfield></datafield><datafield ind1="1" ind2="0" tag="082"><subfield code="a">070</subfield><subfield code="2">15</subfield></datafield><datafield ind1="0" ind2=" " tag="130"><subfield code="a">Bourbon County review (Print)</subfield></datafield><datafield ind1=" " ind2="4" tag="222"><subfield code="a">The Bourbon County review</subfield><subfield code="b">(Print)</subfield></datafield><datafield ind1="1" ind2="4" tag="245"><subfield code="a">The Bourbon County review.</subfield></datafield><datafield ind1=" " ind2=" " tag="260"><subfield code="a">Fort Scott, KS :</subfield><subfield code="b">H &amp; H Publishing</subfield></datafield><datafield ind1=" " ind2=" " tag="310"><subfield code="a">Weekly</subfield></datafield><datafield ind1="1" ind2=" " tag="362"><subfield code="a">Began with volume 1, issue 1 (2012)?</subfield></datafield><datafield ind1=" " ind2=" " tag="588"><subfield code="a">Description based on: Volume 1, issue 19 (Aug. 8, 2012).</subfield></datafield><datafield ind1="0" ind2="8" tag="776"><subfield code="i">Also issued online:</subfield><subfield code="t">Bourbon County review (Online)</subfield><subfield code="x">2165-0721</subfield><subfield code="w">(DLC)  2011202132</subfield><subfield code="w">(OCoLC)768258628</subfield></datafield></record>